<collection xmlns="http://www.loc.gov/MARC21/slim">
<record>
  <leader>01604nam0a22002171i 450 </leader>
  <controlfield tag="001">IT\ICCU\CNCE\063882</controlfield>
  <controlfield tag="005">20060126000000.0</controlfield>
  <datafield tag="012" ind1=" " ind2=" ">
    <subfield code="a">hele u-l- a.na ChNo (7) 1558 (A)</subfield>
    <subfield code="2">fei</subfield>
  </datafield>
  <datafield tag="100" ind1=" " ind2=" ">
    <subfield code="a">20060124d1558        0itac0103    ba</subfield>
  </datafield>
  <datafield tag="101" ind1=" " ind2=" ">
    <subfield code="a">ITA</subfield>
  </datafield>
  <datafield tag="102" ind1=" " ind2=" ">
    <subfield code="a">IT</subfield>
  </datafield>
  <datafield tag="200" ind1="1" ind2=" ">
    <subfield code="a">℗I ℗fiori delle rime de&apos; poeti illustri, nuouamente raccolti et ordinati da Girolamo Ruscelli. Con alcune annotationi del medesimo, sopra i luoghi, che le ricercano per l&apos;intendimento delle sentenze, o per le regole &amp; precetti della lingua, &amp; dell&apos;ornamento</subfield>
  </datafield>
  <datafield tag="210" ind1=" " ind2=" ">
    <subfield code="a">In Venetia</subfield>
    <subfield code="c">per Gio. Battista &amp; Melchior Sessa fratelli</subfield>
    <subfield code="d">1558</subfield>
    <subfield code="e">In Venetia</subfield>
    <subfield code="g">per Giouambatista</subfield>
    <subfield code="h">&amp; Marchio Sessa fratelli</subfield>
    <subfield code="h">1558</subfield>
  </datafield>
  <datafield tag="215" ind1=" " ind2=" ">
    <subfield code="a">\24!, 608 \i.e. 624, 56! p.</subfield>
    <subfield code="d"></subfield>
  </datafield>
  <datafield tag="300" ind1=" " ind2=" ">
    <subfield code="a">ANNULLATA  !!!!!  vedi 29864((Altra emissione (LO1E000757) reca sul front. la sottoscrizione: In Venetia : per Giouanbattista et Melchior Sessa fratelli, 1558 ed ha i primi 2 fasc., incluso il front., ricomposti. - Marca (V472) sul front. - Cors. ; gr.; rom. - Segn.: \ast!-2\ast!8 3\ast!4 A-L8 2L8 M-2P8 2Q4  croce!-2 croce!8. - Ripetute nella numerazione le p. 193-208 (inserimento del fasc.2L8). - Iniziali e fregi xil</subfield>
  </datafield>
  <datafield tag="620" ind1=" " ind2=" ">
    <subfield code="a">IT</subfield>
    <subfield code="d">Venezia</subfield>
  </datafield>
  <datafield tag="712" ind1="0" ind2="0">
    <subfield code="a">Sessa, Giovanni Battista &lt;2.&gt; &amp; Sessa, Melchiorre &lt;2.&gt; &amp; fratelli</subfield>
    <subfield code="3">IT\ICCU\CNCT\000497</subfield>
    <subfield code="4">650</subfield>
  </datafield>
  <datafield tag="791" ind1="0" ind2="0">
    <subfield code="a">Sessa, Melchiorre &lt;2.&gt; &amp; fratelli</subfield>
    <subfield code="3">IT\ICCU\CNCT\000498</subfield>
    <subfield code="z">Sessa, Giovanni Battista &lt;2.&gt; &amp; Sessa, Melchiorre &lt;2.&gt; &amp; fratelli</subfield>
  </datafield>
  <datafield tag="801" ind1=" " ind2="3">
    <subfield code="a">IT</subfield>
    <subfield code="b">ICCU</subfield>
    <subfield code="c">20201115</subfield>
  </datafield>
  <datafield tag="899" ind1=" " ind2=" ">
    <subfield code="a">Biblioteca civica A. Mai. Bergamo</subfield>
    <subfield code="1">BG0026</subfield>
    <subfield code="2">LO1 02</subfield>
  </datafield>
  <datafield tag="899" ind1=" " ind2=" ">
    <subfield code="a">Biblioteca comunale dell&apos;Archiginnasio. Bologna</subfield>
    <subfield code="z">MUTILO</subfield>
    <subfield code="1">BO0304</subfield>
    <subfield code="2">UBO GA</subfield>
  </datafield>
</record>
</collection>
